<?xml version="1.0" encoding="UTF-8"?><record xmlns="http://www.loc.gov/MARC21/slim" xmlns:cinclude="http://apache.org/cocoon/include/1.0" xmlns:zs="http://www.loc.gov/zing/srw/">
  <leader>00434nz  a2200133n  4500</leader>
  <controlfield tag="001">no2002082704</controlfield>
  <controlfield tag="003">DLC</controlfield>
  <controlfield tag="005">20020910052749.0</controlfield>
  <controlfield tag="008">020909n| acannaabn          |n aaa     c</controlfield>
  <datafield tag="010" ind1=" " ind2=" ">
    <subfield code="a">no2002082704</subfield>
  </datafield>
  <datafield tag="035" ind1=" " ind2=" ">
    <subfield code="a">(OCoLC)oca05859222</subfield>
  </datafield>
  <datafield tag="040" ind1=" " ind2=" ">
    <subfield code="a">TxCM</subfield>
    <subfield code="b">eng</subfield>
    <subfield code="c">TxCM</subfield>
  </datafield>
  <datafield tag="100" ind1="1" ind2=" ">
    <subfield code="a">Escanciano, Aniano</subfield>
  </datafield>
  <datafield tag="670" ind1=" " ind2=" ">
    <subfield code="a">Reduccio휍혖n de los cle휍혖rigos al estado laical, 1963:</subfield>
    <subfield code="b">t.p. (el R.P. Aniano Escanciano, S.J) caption, alternate pages (Aniano Escanciano)</subfield>
  </datafield>
</record>